@online{easyconnect,
    author = "WiFi Alliance",
    title = "Wi-Fi Easy Connect",
    url = "https://www.wi-fi.org/discover-wi-fi/wi-fi-easy-connect",
    keywords = "IOT"
}

@online{alliance,
    author = "WiFi Alliance",
    title = "Who is WiFi Alliance?",
    url  = "https://www.wi-fi.org/who-we-are",
}

@online{wiki_alliance,
    author = "Wikipedia the free encyclopedia",
    title = "Wi-Fi Alliance",
    url = "https://en.wikipedia.org/wiki/Wi-Fi_Alliance",
}

@online{wifi6,
    author = "Wikipedia the free encyclopedia",
    title = "Wi-Fi 6",
    url = "https://en.wikipedia.org/wiki/Wi-Fi_6",
}
