@techreport{harkins-pkex-06,
    number =    {draft-harkins-pkex-06},
    type =      {Internet-Draft},
    institution =   {Internet Engineering Task Force},
    publisher = {Internet Engineering Task Force},
    note =      {Work in Progress},
    url =       {https://datatracker.ietf.org/doc/draft-harkins-pkex/06/},
    author =    {Dan Harkins},
    title =     {{Public Key Exchange}},
    pagetotal = 32,
    year =      2018,
    month =     aug,
    day =       6,
    abstract =  {This memo describes a password-authenticated protocol to allow two devices to exchange "raw" (uncertified) public keys and establish trust that the keys belong to their respective identities.},
}

@misc{wifi_easy_connect,
  author       = "{Wi-Fi Alliance}",
  title        = "{Wi-Fi Easy Connect}",
  year         = 2025,
  url          = "https://www.wi-fi.org/discover-wi-fi/wi-fi-easy-connect",
  note         = "Accessed: 2025-01-06"
}

@inproceedings{Abdalla2005,
  author    = {Michel Abdalla and David Pointcheval},
  title     = {Simple Password-Based Encrypted Key Exchange Protocols},
  booktitle = {Topics in Cryptology -- CT-RSA 2005},
  series    = {Lecture Notes in Computer Science},
  volume    = {3376},
  pages     = {191--208},
  publisher = {Springer},
  year      = {2005},
  url       = {https://www.di.ens.fr/~mabdalla/papers/AbPo05a-letter.pdf}
}

@misc{warner_spake2,
  author       = {Brian Warner},
  title        = {python-spake2: A Python Implementation of SPAKE2},
  year         = {2025}, % Update this if the year of access differs
  howpublished = {\url{https://github.com/warner/python-spake2}},
  note         = {Accessed: 2025-01-27},
}

@misc{malga_steve,
  author       = {Steve Meireles},
  title        = {I-PKEX: Proposal to improve PKEX},
  year         = {2025}, % Update this if the year of access differs
  howpublished = {\url{https://github.com/MalgaSteve/Bachelor-Semester-Project-5}},
  note         = {Accessed: 2025-01-27},
}
